@article{box1958note,
  title={A note on the generation of random normal deviates},
  author={Box, George EP},
  journal={Ann. Math. Stat.},
  volume={29},
  pages={610--611},
  year={1958}
}

@article{marsaglia1964convinient,
 title = {A Convenient Method for Generating Normal Variables},
 author = {G. Marsaglia and T. A. Bray},
 journal = {SIAM Review},
 volume = {6},
 number = {3},
 pages = {260--264},
 year = {1964}
}

@article{kinderman1977computer,
  title={Computer generation of random variables using the ratio of uniform deviates},
  author={Kinderman, Albert J and Monahan, John F},
  journal={ACM Transactions on Mathematical Software (TOMS)},
  volume={3},
  number={3},
  pages={257--260},
  year={1977},
  publisher={ACM New York, NY, USA}
}

@article{marsaglia1998monty,
  title={The Monty Python method for generating random variables},
  author={Marsaglia, George and Tsang, Wai Wan},
  journal={ACM Transactions on Mathematical Software (TOMS)},
  volume={24},
  number={3},
  pages={341--350},
  year={1998},
  publisher={ACM New York, NY, USA}
}

@article{marsaglia1984fast,
  title={A fast, easily implemented method for sampling from decreasing or symmetric unimodal density functions},
  author={Marsaglia, George and Tsang, Wai Wan},
  journal={SIAM Journal on scientific and statistical computing},
  volume={5},
  number={2},
  pages={349--359},
  year={1984},
  publisher={SIAM}
}

@article{marsaglia2000ziggurat,
  title={The ziggurat method for generating random variables},
  author={Marsaglia, George and Tsang, Wai Wan and others},
  journal={Journal of statistical software},
  volume={5},
  number={8},
  pages={1--7},
  year={2000}
}

@book{yotsuji2010,
    title={計算機シミュレーションのための確率分布乱数生成法},
    author={四辻哲章},
    publisher={プレアデス出版},
    year={2010}
}